@InProceedings{reference_1,
author="N{\'u}{\~{n}}ez Fern{\'a}ndez, Dennis
and Kwolek, Bogdan",
editor="Mendoza, Marcelo
and Velast{\'i}n, Sergio",
title="Hand Posture Recognition Using Convolutional Neural Network",
booktitle="Progress in Pattern Recognition, Image Analysis, Computer Vision, and Applications",
year="2018",
publisher="Springer International Publishing",
address="Cham",
pages="441--449",
abstract="In this work we present a convolutional neural network-based algorithm for recognition of hand postures on images acquired by a single color camera. The hand is extracted in advance on the basis of skin color distribution. A neural network-based regressor is applied to locate the wrist. Finally, a convolutional neural network trained on 6000 manually labeled images representing ten classes is executed to recognize the hand posture in a sub-window determined on the basis of the wrist. We show that our model achieves high classification accuracy, including scenarios with different camera used in testing. We show that the convolutional network achieves better results on images pre-filtered by a Gabor filter.",
isbn="978-3-319-75193-1"
}

@INPROCEEDINGS{reference_2,
author={D. N. {Fernández}},
booktitle={2018 IEEE XXV International Conference on Electronics, Electrical Engineering and Computing (INTERCON)},
title={A Real-Time Recognition System for User Characteristics Based on Deep Learning},
year={2018},
volume={},
number={},
pages={1-4},
keywords={convolution;feedforward neural nets;image classification;learning (artificial intelligence);real-time recognition system;deep learning;classification process;convolutional neural networks;Emotion recognition;Face;Training;Real-time systems;Time factors;Testing;Feature extraction;Recognition System;Convolutional Neural Networks;Human-Machine Interaction},
doi={10.1109/INTERCON.2018.8526381},
ISSN={},
month={Aug},}

@INPROCEEDINGS{reference_3,
author={D. {Núñez Fernández} and S. {Hosseini}},
booktitle={2018 IEEE Sciences and Humanities International Research Conference (SHIRCON)},
title={Real-Time Handwritten Letters Recognition on an Embedded Computer Using ConvNets},
year={2018},
volume={},
number={},
pages={1-4},
keywords={convolutional neural nets;feature extraction;handwritten character recognition;ConvNets;handwritten letters recognition;embedded computer;convolutional neural network;computational resources;dataset EMNIST;Raspberry Pi 3 board;Training;Handwriting recognition;Computer architecture;Real-time systems;Hidden Markov models;Time factors;Power demand;ConvNets;Convolutional Neural Networks;Embedded Computer;Human-Machine Interface},
doi={10.1109/SHIRCON.2018.8592981},
ISSN={},
month={Nov},}

% APA reference for the Greek Antikythera Mechanism paper
% BibTeX not working
% Freeth, T., Higgon, D., Dacanalis, A., MacDonald, L., Georgakopoulou, M., & Wojcik, A. (2021). 
% A Model of the Cosmos in the ancient Greek Antikythera Mechanism. 
% Scientific reports, 11(1), 5821.

% ⠀⠀⠀⠀⠀⠀⠀⠀⠀⠀⠀⠀⠀⣀⣀⣀⡀⠀⠀⠀⠀⠀⠀⠀⠀⠀
% ⠀⠀⠀⠀⠀⠀⢀⣠⠤⠖⠈⠉⠉⠀⠀⠀⠀⠉⠢⡀⠀⠀⠀⠀⠀⠀
% ⠀⠀⠀⠀⠀⣴⠏⠀⠀⠀⠀⠀⠀⠀⠀⠀⠀⠀⠀⠈⢦⡀⠀⠀⠀⠀
% ⠀⠀⠀⣠⠞⠁⠀⠀⠀⠀⠀⠀⠀⠀⠀⢀⠞⠋⢙⣦⡈⣷⡄⠀⠀⠀
% ⠀⣀⠶⠁⠀⠀⣀⣀⡀⠀⠀⠀⠀⠀⡴⠁⠀⠀⠿⢿⡟⣌⢿⠀⠀⠀
% ⣠⡿⠀⢠⣜⠉⠀⠀⠙⢷⢄⠀⠀⠀⢧⠀⠀⠀⠀⠀⠀⠘⡆⢧⡀⠀
% ⣯⠃⠀⢾⣿⠗⠀⠀⠀⠀⡽⠀⠀⠀⠈⠳⢄⣀⠀⠀⠀⡰⠃⠘⣵⡄
% ⡏⠀⠀⠘⡄⠀⠀⠀⣠⠞⠁⠀⠀⠀⠀⠀⠀⠀⠉⠉⠁⠀⠀⠀⢱⡇
% ⡅⠀⠀⠀⠙⠒⠔⠚⠁⠀⠀⠀⠀⠀⠀⠀⠀⠀⠀⠀⠀⠀⠀⠀⠀⡇
% ⣧⡀⠀⠀⠀⠀⠀⠀⠀⠀⠀⠀⠀⠀⠀⠀⠀⢠⠀⠀⠀⠀⠀⠀⠀⡗
% ⡿⡇⠀⠀⠀⠀⠀⠀⠀⠀⠀⢠⡀⠀⠀⠀⠀⢸⡇⠀⠀⠀⠀⠀⠀⣇
% ⠹⣷⠀⠀⠀⠀⠀⠀⠀⠀⠀⠈⠷⣤⣤⣤⣤⠞⠁⠀⠀⠀⠀⠀⠀⣸
% ⠀⠸⣇⠀⠀⠀⠀⠀⠀⠀⠀⠀⠀⠀⠀⠀⠀⠀⠀⠀⠀⠀⠀⠀⣰⠇
% ⠀⠀⢇⠳⣄⠀⠀⠀⠀⠀⠀⠀⠀⠀⠀⠀⠀⠀⠀⠀⠀⠀⠀⢀⡏⠀
% ⠀⠀⠈⠀⠀⠉⠀⠀⠀
% References used in Emergence of universal computations through neural manifold dynamics
@article{vicente2023emergence,
  title={Emergence of universal computations through neural manifold dynamics},
  author={Vicente, Joan Gort},
  journal={bioRxiv},
  pages={2023--02},
  year={2023},
  publisher={Cold Spring Harbor Laboratory}
}
% Seems The BioRxiv got published
@article{gort2024emergence,
  title={Emergence of Universal Computations Through Neural Manifold Dynamics},
  author={Gort, Joan},
  journal={Neural Computation},
  volume={36},
  number={2},
  pages={227--270},
  year={2024},
  publisher={MIT Press One Rogers Street, Cambridge, MA 02142-1209, USA journals-info~…}
}
% Reference 1
@article{beiran2023parametric,
  title={Parametric control of flexible timing through low-dimensional neural manifolds},
  author={Beiran, Manuel and Meirhaeghe, Nicolas and Sohn, Hansem and Jazayeri, Mehrdad and Ostojic, Srdjan},
  journal={Neuron},
  volume={111},
  number={5},
  pages={739--753},
  year={2023},
  publisher={Elsevier}
}
% Reference 2
@article{branicky1995universal,
  title={Universal computation and other capabilities of hybrid and continuous dynamical systems},
  author={Branicky, Michael S},
  journal={Theoretical computer science},
  volume={138},
  number={1},
  pages={67--100},
  year={1995},
  publisher={Elsevier}
}
% Reference 3
@article{depasquale2023centrality,
  title={The centrality of population-level factors to network computation is demonstrated by a versatile approach for training spiking networks},
  author={DePasquale, Brian and Sussillo, David and Abbott, LF and Churchland, Mark M},
  journal={Neuron},
  volume={111},
  number={5},
  pages={631--649},
  year={2023},
  publisher={Elsevier}
}
% Reference 4
@article{chaisangmongkon2017computing,
  title={Computing by robust transience: how the fronto-parietal network performs sequential, category-based decisions},
  author={Chaisangmongkon, Warasinee and Swaminathan, Sruthi K and Freedman, David J and Wang, Xiao-Jing},
  journal={Neuron},
  volume={93},
  number={6},
  pages={1504--1517},
  year={2017},
  publisher={Elsevier}
}
% Reference 5
@article{chaudhuri2019intrinsic,
  title={The intrinsic attractor manifold and population dynamics of a canonical cognitive circuit across waking and sleep},
  author={Chaudhuri, Rishidev and Ger{\c{c}}ek, Berk and Pandey, Biraj and Peyrache, Adrien and Fiete, Ila},
  journal={Nature neuroscience},
  volume={22},
  number={9},
  pages={1512--1520},
  year={2019},
  publisher={Nature Publishing Group US New York}
}
% Reference 6
@article{ekeberg1993combined,
  title={A combined neuronal and mechanical model of fish swimming},
  author={Ekeberg, {\"O}rjan},
  journal={Biological cybernetics},
  volume={69},
  number={5},
  pages={363--374},
  year={1993},
  publisher={Springer}
}
% Reference 7
@article{ermentrout2010firing,
  title={Firing rate models},
  author={Ermentrout, G Bard and Terman, David H and Ermentrout, G Bard and Terman, David H},
  journal={Mathematical foundations of neuroscience},
  pages={331--367},
  year={2010},
  publisher={Springer}
}
% Reference 8
@article{gallego2018cortical,
  title={Cortical population activity within a preserved neural manifold underlies multiple motor behaviors},
  author={Gallego, Juan A and Perich, Matthew G and Naufel, Stephanie N and Ethier, Christian and Solla, Sara A and Miller, Lee E},
  journal={Nature communications},
  volume={9},
  number={1},
  pages={4233},
  year={2018},
  publisher={Nature Publishing Group UK London}
}
% Reference 9
@book{hirsch2013differential,
  title={Differential equations, dynamical systems, and an introduction to chaos},
  author={Hirsch, Morris W and Smale, Stephen and Devaney, Robert L},
  year={2013},
  publisher={Academic press}
}
% Reference 10
@article{hopfield1982neural,
  title={Neural networks and physical systems with emergent collective computational abilities.},
  author={Hopfield, John J},
  journal={Proceedings of the national academy of sciences},
  volume={79},
  number={8},
  pages={2554--2558},
  year={1982},
  publisher={National Acad Sciences}
}
% Reference 11
@article{kim2017ring,
  title={Ring attractor dynamics in the Drosophila central brain},
  author={Kim, Sung Soo and Rouault, Herv{\'e} and Druckmann, Shaul and Jayaraman, Vivek},
  journal={Science},
  volume={356},
  number={6340},
  pages={849--853},
  year={2017},
  publisher={American Association for the Advancement of Science}
}
% Reference 12
@article{miller2012mathematical,
  title={Mathematical equivalence of two common forms of firing rate models of neural networks},
  author={Miller, Kenneth D and Fumarola, Francesco},
  journal={Neural computation},
  volume={24},
  number={1},
  pages={25--31},
  year={2012},
  publisher={MIT Press}
}
% Reference 13
@article{thalmeier2016learning,
  title={Learning universal computations with spikes},
  author={Thalmeier, Dominik and Uhlmann, Marvin and Kappen, Hilbert J and Memmesheimer, Raoul-Martin},
  journal={PLoS computational biology},
  volume={12},
  number={6},
  pages={e1004895},
  year={2016},
  publisher={Public Library of Science San Francisco, CA USA}
}
% Reference 14
@article{vyas2020computation,
  title={Computation through neural population dynamics},
  author={Vyas, Saurabh and Golub, Matthew D and Sussillo, David and Shenoy, Krishna V},
  journal={Annual review of neuroscience},
  volume={43},
  pages={249--275},
  year={2020},
  publisher={Annual Reviews}
}
% Reference 15
@article{yuste2005cortex,
  title={The cortex as a central pattern generator},
  author={Yuste, Rafael and MacLean, Jason N and Smith, Jeffrey and Lansner, Anders},
  journal={Nature Reviews Neuroscience},
  volume={6},
  number={6},
  pages={477--483},
  year={2005},
  publisher={Nature Publishing Group UK London}
}
% ⠀⠀⠀⠀⠀⠀⠀⠀⠀⠀⠀⠀⠀⣀⣀⣀⡀⠀⠀⠀⠀⠀⠀⠀⠀⠀
% ⠀⠀⠀⠀⠀⠀⢀⣠⠤⠖⠈⠉⠉⠀⠀⠀⠀⠉⠢⡀⠀⠀⠀⠀⠀⠀
% ⠀⠀⠀⠀⠀⣴⠏⠀⠀⠀⠀⠀⠀⠀⠀⠀⠀⠀⠀⠈⢦⡀⠀⠀⠀⠀
% ⠀⠀⠀⣠⠞⠁⠀⠀⠀⠀⠀⠀⠀⠀⠀⢀⠞⠋⢙⣦⡈⣷⡄⠀⠀⠀
% ⠀⣀⠶⠁⠀⠀⣀⣀⡀⠀⠀⠀⠀⠀⡴⠁⠀⠀⠿⢿⡟⣌⢿⠀⠀⠀
% ⣠⡿⠀⢠⣜⠉⠀⠀⠙⢷⢄⠀⠀⠀⢧⠀⠀⠀⠀⠀⠀⠘⡆⢧⡀⠀
% ⣯⠃⠀⢾⣿⠗⠀⠀⠀⠀⡽⠀⠀⠀⠈⠳⢄⣀⠀⠀⠀⡰⠃⠘⣵⡄
% ⡏⠀⠀⠘⡄⠀⠀⠀⣠⠞⠁⠀⠀⠀⠀⠀⠀⠀⠉⠉⠁⠀⠀⠀⢱⡇
% ⡅⠀⠀⠀⠙⠒⠔⠚⠁⠀⠀⠀⠀⠀⠀⠀⠀⠀⠀⠀⠀⠀⠀⠀⠀⡇
% ⣧⡀⠀⠀⠀⠀⠀⠀⠀⠀⠀⠀⠀⠀⠀⠀⠀⢠⠀⠀⠀⠀⠀⠀⠀⡗
% ⡿⡇⠀⠀⠀⠀⠀⠀⠀⠀⠀⢠⡀⠀⠀⠀⠀⢸⡇⠀⠀⠀⠀⠀⠀⣇
% ⠹⣷⠀⠀⠀⠀⠀⠀⠀⠀⠀⠈⠷⣤⣤⣤⣤⠞⠁⠀⠀⠀⠀⠀⠀⣸
% ⠀⠸⣇⠀⠀⠀⠀⠀⠀⠀⠀⠀⠀⠀⠀⠀⠀⠀⠀⠀⠀⠀⠀⠀⣰⠇
% ⠀⠀⢇⠳⣄⠀⠀⠀⠀⠀⠀⠀⠀⠀⠀⠀⠀⠀⠀⠀⠀⠀⠀⢀⡏⠀
% ⠀⠀⠈⠀⠀⠉⠀⠀⠀
% References for The Tolman-Eichenbaum Machine: Unifying Space and Relational Memory through Generalization in the Hippocampal Formation
@article{whittington2020tolman,
  title={The Tolman-Eichenbaum machine: unifying space and relational memory through generalization in the hippocampal formation},
  author={Whittington, James CR and Muller, Timothy H and Mark, Shirley and Chen, Guifen and Barry, Caswell and Burgess, Neil and Behrens, Timothy EJ},
  journal={Cell},
  volume={183},
  number={5},
  pages={1249--1263},
  year={2020},
  publisher={Elsevier}
}
% Reference 1
@article{tolman1948cognitive,
  title={Cognitive maps in rats and men.},
  author={Tolman, Edward C},
  journal={Psychological review},
  volume={55},
  number={4},
  pages={189},
  year={1948},
  publisher={American Psychological Association}
}
% Reference 2
@article{eichenbaum2014can,
  title={Can we reconcile the declarative memory and spatial navigation views on hippocampal function?},
  author={Eichenbaum, Howard and Cohen, Neal J},
  journal={Neuron},
  volume={83},
  number={4},
  pages={764--770},
  year={2014},
  publisher={Elsevier}
}
% Reference 3
@book{cohen1993memory,
  title={Memory, amnesia, and the hippocampal system},
  author={Cohen, Neal J and Eichenbaum, Howard},
  year={1993},
  publisher={MIT press}
}
% ⠀⠀⠀⠀⠀⠀⠀⠀⠀⠀⠀⠀⠀⣀⣀⣀⡀⠀⠀⠀⠀⠀⠀⠀⠀⠀
% ⠀⠀⠀⠀⠀⠀⢀⣠⠤⠖⠈⠉⠉⠀⠀⠀⠀⠉⠢⡀⠀⠀⠀⠀⠀⠀
% ⠀⠀⠀⠀⠀⣴⠏⠀⠀⠀⠀⠀⠀⠀⠀⠀⠀⠀⠀⠈⢦⡀⠀⠀⠀⠀
% ⠀⠀⠀⣠⠞⠁⠀⠀⠀⠀⠀⠀⠀⠀⠀⢀⠞⠋⢙⣦⡈⣷⡄⠀⠀⠀
% ⠀⣀⠶⠁⠀⠀⣀⣀⡀⠀⠀⠀⠀⠀⡴⠁⠀⠀⠿⢿⡟⣌⢿⠀⠀⠀
% ⣠⡿⠀⢠⣜⠉⠀⠀⠙⢷⢄⠀⠀⠀⢧⠀⠀⠀⠀⠀⠀⠘⡆⢧⡀⠀
% ⣯⠃⠀⢾⣿⠗⠀⠀⠀⠀⡽⠀⠀⠀⠈⠳⢄⣀⠀⠀⠀⡰⠃⠘⣵⡄
% ⡏⠀⠀⠘⡄⠀⠀⠀⣠⠞⠁⠀⠀⠀⠀⠀⠀⠀⠉⠉⠁⠀⠀⠀⢱⡇
% ⡅⠀⠀⠀⠙⠒⠔⠚⠁⠀⠀⠀⠀⠀⠀⠀⠀⠀⠀⠀⠀⠀⠀⠀⠀⡇
% ⣧⡀⠀⠀⠀⠀⠀⠀⠀⠀⠀⠀⠀⠀⠀⠀⠀⢠⠀⠀⠀⠀⠀⠀⠀⡗
% ⡿⡇⠀⠀⠀⠀⠀⠀⠀⠀⠀⢠⡀⠀⠀⠀⠀⢸⡇⠀⠀⠀⠀⠀⠀⣇
% ⠹⣷⠀⠀⠀⠀⠀⠀⠀⠀⠀⠈⠷⣤⣤⣤⣤⠞⠁⠀⠀⠀⠀⠀⠀⣸
% ⠀⠸⣇⠀⠀⠀⠀⠀⠀⠀⠀⠀⠀⠀⠀⠀⠀⠀⠀⠀⠀⠀⠀⠀⣰⠇
% ⠀⠀⢇⠳⣄⠀⠀⠀⠀⠀⠀⠀⠀⠀⠀⠀⠀⠀⠀⠀⠀⠀⠀⢀⡏⠀
% ⠀⠀⠈⠀⠀⠉⠀⠀⠀

% References for RELATING TRANSFORMERS TO MODELS AND NEURAL REPRESENTATIONS OF THE HIPPOCAMPAL FORMATION
@article{whittington2021relating,
  title={Relating transformers to models and neural representations of the hippocampal formation},
  author={Whittington, James CR and Warren, Joseph and Behrens, Timothy EJ},
  journal={arXiv preprint arXiv:2112.04035},
  year={2021}
}
% Reference 1



% ⠀⠀⠀⠀⠀⠀⠀⠀⠀⠀⠀⠀⠀⣀⣀⣀⡀⠀⠀⠀⠀⠀⠀⠀⠀⠀
% ⠀⠀⠀⠀⠀⠀⢀⣠⠤⠖⠈⠉⠉⠀⠀⠀⠀⠉⠢⡀⠀⠀⠀⠀⠀⠀
% ⠀⠀⠀⠀⠀⣴⠏⠀⠀⠀⠀⠀⠀⠀⠀⠀⠀⠀⠀⠈⢦⡀⠀⠀⠀⠀
% ⠀⠀⠀⣠⠞⠁⠀⠀⠀⠀⠀⠀⠀⠀⠀⢀⠞⠋⢙⣦⡈⣷⡄⠀⠀⠀
% ⠀⣀⠶⠁⠀⠀⣀⣀⡀⠀⠀⠀⠀⠀⡴⠁⠀⠀⠿⢿⡟⣌⢿⠀⠀⠀
% ⣠⡿⠀⢠⣜⠉⠀⠀⠙⢷⢄⠀⠀⠀⢧⠀⠀⠀⠀⠀⠀⠘⡆⢧⡀⠀
% ⣯⠃⠀⢾⣿⠗⠀⠀⠀⠀⡽⠀⠀⠀⠈⠳⢄⣀⠀⠀⠀⡰⠃⠘⣵⡄
% ⡏⠀⠀⠘⡄⠀⠀⠀⣠⠞⠁⠀⠀⠀⠀⠀⠀⠀⠉⠉⠁⠀⠀⠀⢱⡇
% ⡅⠀⠀⠀⠙⠒⠔⠚⠁⠀⠀⠀⠀⠀⠀⠀⠀⠀⠀⠀⠀⠀⠀⠀⠀⡇
% ⣧⡀⠀⠀⠀⠀⠀⠀⠀⠀⠀⠀⠀⠀⠀⠀⠀⢠⠀⠀⠀⠀⠀⠀⠀⡗
% ⡿⡇⠀⠀⠀⠀⠀⠀⠀⠀⠀⢠⡀⠀⠀⠀⠀⢸⡇⠀⠀⠀⠀⠀⠀⣇
% ⠹⣷⠀⠀⠀⠀⠀⠀⠀⠀⠀⠈⠷⣤⣤⣤⣤⠞⠁⠀⠀⠀⠀⠀⠀⣸
% ⠀⠸⣇⠀⠀⠀⠀⠀⠀⠀⠀⠀⠀⠀⠀⠀⠀⠀⠀⠀⠀⠀⠀⠀⣰⠇
% ⠀⠀⢇⠳⣄⠀⠀⠀⠀⠀⠀⠀⠀⠀⠀⠀⠀⠀⠀⠀⠀⠀⠀⢀⡏⠀
% ⠀⠀⠈⠀⠀⠉⠀⠀⠀

% Refernces for John M Beggs - The Cortex and the Critical Point_ Understanding the Power of Emergence (2022, MIT Press)
@book{beggs2022cortex,
  title={The cortex and the critical point: understanding the power of emergence},
  author={Beggs, John M},
  year={2022},
  publisher={MIT Press}
}
% Reference 1
@article{kim2017pan,
  title={Pan-neuronal calcium imaging with cellular resolution in freely swimming zebrafish},
  author={Kim, Dal Hyung and Kim, Jungsoo and Marques, Jo{\~a}o C and Grama, Abhinav and Hildebrand, David GC and Gu, Wenchao and Li, Jennifer M and Robson, Drew N},
  journal={Nature methods},
  volume={14},
  number={11},
  pages={1107--1114},
  year={2017},
  publisher={Nature Publishing Group US New York}
}
% Reference 2
@article{pipkin2020mapping,
  title={Mapping the mind of a fly},
  author={Pipkin, Jason},
  journal={Elife},
  volume={9},
  pages={e62451},
  year={2020},
  publisher={eLife Sciences Publications, Ltd}
}
% Reference 3
@article{carrillo2019controlling,
  title={Controlling visually guided behavior by holographic recalling of cortical ensembles},
  author={Carrillo-Reid, Luis and Han, Shuting and Yang, Weijian and Akrouh, Alejandro and Yuste, Rafael},
  journal={Cell},
  volume={178},
  number={2},
  pages={447--457},
  year={2019},
  publisher={Elsevier}
}
% Reference 4
@article{ramirez2013creating,
  title={Creating a false memory in the hippocampus},
  author={Ramirez, Steve and Liu, Xu and Lin, Pei-Ann and Suh, Junghyup and Pignatelli, Michele and Redondo, Roger L and Ryan, Tom{\'a}s J and Tonegawa, Susumu},
  journal={Science},
  volume={341},
  number={6144},
  pages={387--391},
  year={2013},
  publisher={American Association for the Advancement of Science}
}

% ⠀⠀⠀⠀⠀⠀⠀⠀⠀⠀⠀⠀⠀⣀⣀⣀⡀⠀⠀⠀⠀⠀⠀⠀⠀⠀
% ⠀⠀⠀⠀⠀⠀⢀⣠⠤⠖⠈⠉⠉⠀⠀⠀⠀⠉⠢⡀⠀⠀⠀⠀⠀⠀
% ⠀⠀⠀⠀⠀⣴⠏⠀⠀⠀⠀⠀⠀⠀⠀⠀⠀⠀⠀⠈⢦⡀⠀⠀⠀⠀
% ⠀⠀⠀⣠⠞⠁⠀⠀⠀⠀⠀⠀⠀⠀⠀⢀⠞⠋⢙⣦⡈⣷⡄⠀⠀⠀
% ⠀⣀⠶⠁⠀⠀⣀⣀⡀⠀⠀⠀⠀⠀⡴⠁⠀⠀⠿⢿⡟⣌⢿⠀⠀⠀
% ⣠⡿⠀⢠⣜⠉⠀⠀⠙⢷⢄⠀⠀⠀⢧⠀⠀⠀⠀⠀⠀⠘⡆⢧⡀⠀
% ⣯⠃⠀⢾⣿⠗⠀⠀⠀⠀⡽⠀⠀⠀⠈⠳⢄⣀⠀⠀⠀⡰⠃⠘⣵⡄
% ⡏⠀⠀⠘⡄⠀⠀⠀⣠⠞⠁⠀⠀⠀⠀⠀⠀⠀⠉⠉⠁⠀⠀⠀⢱⡇
% ⡅⠀⠀⠀⠙⠒⠔⠚⠁⠀⠀⠀⠀⠀⠀⠀⠀⠀⠀⠀⠀⠀⠀⠀⠀⡇
% ⣧⡀⠀⠀⠀⠀⠀⠀⠀⠀⠀⠀⠀⠀⠀⠀⠀⢠⠀⠀⠀⠀⠀⠀⠀⡗
% ⡿⡇⠀⠀⠀⠀⠀⠀⠀⠀⠀⢠⡀⠀⠀⠀⠀⢸⡇⠀⠀⠀⠀⠀⠀⣇
% ⠹⣷⠀⠀⠀⠀⠀⠀⠀⠀⠀⠈⠷⣤⣤⣤⣤⠞⠁⠀⠀⠀⠀⠀⠀⣸
% ⠀⠸⣇⠀⠀⠀⠀⠀⠀⠀⠀⠀⠀⠀⠀⠀⠀⠀⠀⠀⠀⠀⠀⠀⣰⠇
% ⠀⠀⢇⠳⣄⠀⠀⠀⠀⠀⠀⠀⠀⠀⠀⠀⠀⠀⠀⠀⠀⠀⠀⢀⡏⠀
% ⠀⠀⠈⠀⠀⠉⠀⠀⠀

% Shagrir Book is referenced on Video Computation and Neural Manifolds
% https://www.youtube.com/watch?v=zgP8SipIuHA
% David L Barack, Ph.D. at lecture UCMerced CogSci

% Referenced on Shagrir - The Nature of Physical Computation
@book{shagrir2022nature,
  title={The nature of physical computation},
  author={Shagrir, Oron},
  year={2022},
  publisher={Oxford University Press}
}
% Reference 1
@article{horsman2014does,
  title={When does a physical system compute?},
  author={Horsman, Dominic and Stepney, Susan and Wagner, Rob C and Kendon, Viv},
  journal={Proceedings of the Royal Society A: Mathematical, Physical and Engineering Sciences},
  volume={470},
  number={2169},
  pages={20140182},
  year={2014},
  publisher={The Royal Society Publishing}
}

% ⠀⠀⠀⠀⠀⠀⠀⠀⠀⠀⠀⠀⠀⣀⣀⣀⡀⠀⠀⠀⠀⠀⠀⠀⠀⠀
% ⠀⠀⠀⠀⠀⠀⢀⣠⠤⠖⠈⠉⠉⠀⠀⠀⠀⠉⠢⡀⠀⠀⠀⠀⠀⠀
% ⠀⠀⠀⠀⠀⣴⠏⠀⠀⠀⠀⠀⠀⠀⠀⠀⠀⠀⠀⠈⢦⡀⠀⠀⠀⠀
% ⠀⠀⠀⣠⠞⠁⠀⠀⠀⠀⠀⠀⠀⠀⠀⢀⠞⠋⢙⣦⡈⣷⡄⠀⠀⠀
% ⠀⣀⠶⠁⠀⠀⣀⣀⡀⠀⠀⠀⠀⠀⡴⠁⠀⠀⠿⢿⡟⣌⢿⠀⠀⠀
% ⣠⡿⠀⢠⣜⠉⠀⠀⠙⢷⢄⠀⠀⠀⢧⠀⠀⠀⠀⠀⠀⠘⡆⢧⡀⠀
% ⣯⠃⠀⢾⣿⠗⠀⠀⠀⠀⡽⠀⠀⠀⠈⠳⢄⣀⠀⠀⠀⡰⠃⠘⣵⡄
% ⡏⠀⠀⠘⡄⠀⠀⠀⣠⠞⠁⠀⠀⠀⠀⠀⠀⠀⠉⠉⠁⠀⠀⠀⢱⡇
% ⡅⠀⠀⠀⠙⠒⠔⠚⠁⠀⠀⠀⠀⠀⠀⠀⠀⠀⠀⠀⠀⠀⠀⠀⠀⡇
% ⣧⡀⠀⠀⠀⠀⠀⠀⠀⠀⠀⠀⠀⠀⠀⠀⠀⢠⠀⠀⠀⠀⠀⠀⠀⡗
% ⡿⡇⠀⠀⠀⠀⠀⠀⠀⠀⠀⢠⡀⠀⠀⠀⠀⢸⡇⠀⠀⠀⠀⠀⠀⣇
% ⠹⣷⠀⠀⠀⠀⠀⠀⠀⠀⠀⠈⠷⣤⣤⣤⣤⠞⠁⠀⠀⠀⠀⠀⠀⣸
% ⠀⠸⣇⠀⠀⠀⠀⠀⠀⠀⠀⠀⠀⠀⠀⠀⠀⠀⠀⠀⠀⠀⠀⠀⣰⠇
% ⠀⠀⢇⠳⣄⠀⠀⠀⠀⠀⠀⠀⠀⠀⠀⠀⠀⠀⠀⠀⠀⠀⠀⢀⡏⠀
% ⠀⠀⠈⠀⠀⠉⠀⠀⠀

% Referenced on Video Nihat Ay : Information Geometric structures in Cognitive Systems Research
% https://www.youtube.com/watch?v=m3QbaIdJ-xs&t=375s
% Reference 1
@article{montufar2015theory,
  title={A theory of cheap control in embodied systems},
  author={Mont{\'u}far, Guido and Ghazi-Zahedi, Keyan and Ay, Nihat},
  journal={PLoS computational biology},
  volume={11},
  number={9},
  pages={e1004427},
  year={2015},
  publisher={Public Library of Science San Francisco, CA USA}
}

% ⠀⠀⠀⠀⠀⠀⠀⠀⠀⠀⠀⠀⠀⣀⣀⣀⡀⠀⠀⠀⠀⠀⠀⠀⠀⠀
% ⠀⠀⠀⠀⠀⠀⢀⣠⠤⠖⠈⠉⠉⠀⠀⠀⠀⠉⠢⡀⠀⠀⠀⠀⠀⠀
% ⠀⠀⠀⠀⠀⣴⠏⠀⠀⠀⠀⠀⠀⠀⠀⠀⠀⠀⠀⠈⢦⡀⠀⠀⠀⠀
% ⠀⠀⠀⣠⠞⠁⠀⠀⠀⠀⠀⠀⠀⠀⠀⢀⠞⠋⢙⣦⡈⣷⡄⠀⠀⠀
% ⠀⣀⠶⠁⠀⠀⣀⣀⡀⠀⠀⠀⠀⠀⡴⠁⠀⠀⠿⢿⡟⣌⢿⠀⠀⠀
% ⣠⡿⠀⢠⣜⠉⠀⠀⠙⢷⢄⠀⠀⠀⢧⠀⠀⠀⠀⠀⠀⠘⡆⢧⡀⠀
% ⣯⠃⠀⢾⣿⠗⠀⠀⠀⠀⡽⠀⠀⠀⠈⠳⢄⣀⠀⠀⠀⡰⠃⠘⣵⡄
% ⡏⠀⠀⠘⡄⠀⠀⠀⣠⠞⠁⠀⠀⠀⠀⠀⠀⠀⠉⠉⠁⠀⠀⠀⢱⡇
% ⡅⠀⠀⠀⠙⠒⠔⠚⠁⠀⠀⠀⠀⠀⠀⠀⠀⠀⠀⠀⠀⠀⠀⠀⠀⡇
% ⣧⡀⠀⠀⠀⠀⠀⠀⠀⠀⠀⠀⠀⠀⠀⠀⠀⢠⠀⠀⠀⠀⠀⠀⠀⡗
% ⡿⡇⠀⠀⠀⠀⠀⠀⠀⠀⠀⢠⡀⠀⠀⠀⠀⢸⡇⠀⠀⠀⠀⠀⠀⣇
% ⠹⣷⠀⠀⠀⠀⠀⠀⠀⠀⠀⠈⠷⣤⣤⣤⣤⠞⠁⠀⠀⠀⠀⠀⠀⣸
% ⠀⠸⣇⠀⠀⠀⠀⠀⠀⠀⠀⠀⠀⠀⠀⠀⠀⠀⠀⠀⠀⠀⠀⠀⣰⠇
% ⠀⠀⢇⠳⣄⠀⠀⠀⠀⠀⠀⠀⠀⠀⠀⠀⠀⠀⠀⠀⠀⠀⠀⢀⡏⠀
% ⠀⠀⠈⠀⠀⠉⠀⠀⠀

% Referenced on Video Your brain is moving along the surface of the torus
% https://www.youtube.com/watch?v=9ujnZcaqf-4

% Reference 1
@article{gardner2022toroidal,
  title={Toroidal topology of population activity in grid cells},
  author={Gardner, Richard J and Hermansen, Erik and Pachitariu, Marius and Burak, Yoram and Baas, Nils A and Dunn, Benjamin A and Moser, May-Britt and Moser, Edvard I},
  journal={Nature},
  volume={602},
  number={7895},
  pages={123--128},
  year={2022},
  publisher={Nature Publishing Group UK London}
}
% Reference 2
@article{pisokas2020head,
  title={The head direction circuit of two insect species},
  author={Pisokas, Ioannis and Heinze, Stanley and Webb, Barbara},
  journal={Elife},
  volume={9},
  pages={e53985},
  year={2020},
  publisher={eLife Sciences Publications, Ltd}
}
% Reference 3
@article{shilnikov2016art,
  title={The art of grid fields: geometry of neuronal time},
  author={Shilnikov, Andrey L and Maurer, Andrew Porter},
  journal={Frontiers in Neural Circuits},
  volume={10},
  pages={12},
  year={2016},
  publisher={Frontiers Media SA}
}
% Reference 4
@article{moser2015place,
  title={Place cells, grid cells, and memory},
  author={Moser, May-Britt and Rowland, David C and Moser, Edvard I},
  journal={Cold Spring Harbor perspectives in biology},
  volume={7},
  number={2},
  pages={a021808},
  year={2015},
  publisher={Cold Spring Harbor Lab}
}
% Reference 5
@article{lewis2019locations,
  title={Locations in the neocortex: a theory of sensorimotor object recognition using cortical grid cells},
  author={Lewis, Marcus and Purdy, Scott and Ahmad, Subutai and Hawkins, Jeff},
  journal={Frontiers in neural circuits},
  volume={13},
  pages={22},
  year={2019},
  publisher={Frontiers Media SA}
}

% ⠀⠀⠀⠀⠀⠀⠀⠀⠀⠀⠀⠀⠀⣀⣀⣀⡀⠀⠀⠀⠀⠀⠀⠀⠀⠀
% ⠀⠀⠀⠀⠀⠀⢀⣠⠤⠖⠈⠉⠉⠀⠀⠀⠀⠉⠢⡀⠀⠀⠀⠀⠀⠀
% ⠀⠀⠀⠀⠀⣴⠏⠀⠀⠀⠀⠀⠀⠀⠀⠀⠀⠀⠀⠈⢦⡀⠀⠀⠀⠀
% ⠀⠀⠀⣠⠞⠁⠀⠀⠀⠀⠀⠀⠀⠀⠀⢀⠞⠋⢙⣦⡈⣷⡄⠀⠀⠀
% ⠀⣀⠶⠁⠀⠀⣀⣀⡀⠀⠀⠀⠀⠀⡴⠁⠀⠀⠿⢿⡟⣌⢿⠀⠀⠀
% ⣠⡿⠀⢠⣜⠉⠀⠀⠙⢷⢄⠀⠀⠀⢧⠀⠀⠀⠀⠀⠀⠘⡆⢧⡀⠀
% ⣯⠃⠀⢾⣿⠗⠀⠀⠀⠀⡽⠀⠀⠀⠈⠳⢄⣀⠀⠀⠀⡰⠃⠘⣵⡄
% ⡏⠀⠀⠘⡄⠀⠀⠀⣠⠞⠁⠀⠀⠀⠀⠀⠀⠀⠉⠉⠁⠀⠀⠀⢱⡇
% ⡅⠀⠀⠀⠙⠒⠔⠚⠁⠀⠀⠀⠀⠀⠀⠀⠀⠀⠀⠀⠀⠀⠀⠀⠀⡇
% ⣧⡀⠀⠀⠀⠀⠀⠀⠀⠀⠀⠀⠀⠀⠀⠀⠀⢠⠀⠀⠀⠀⠀⠀⠀⡗
% ⡿⡇⠀⠀⠀⠀⠀⠀⠀⠀⠀⢠⡀⠀⠀⠀⠀⢸⡇⠀⠀⠀⠀⠀⠀⣇
% ⠹⣷⠀⠀⠀⠀⠀⠀⠀⠀⠀⠈⠷⣤⣤⣤⣤⠞⠁⠀⠀⠀⠀⠀⠀⣸
% ⠀⠸⣇⠀⠀⠀⠀⠀⠀⠀⠀⠀⠀⠀⠀⠀⠀⠀⠀⠀⠀⠀⠀⠀⣰⠇
% ⠀⠀⢇⠳⣄⠀⠀⠀⠀⠀⠀⠀⠀⠀⠀⠀⠀⠀⠀⠀⠀⠀⠀⢀⡏⠀
% ⠀⠀⠈⠀⠀⠉⠀⠀⠀

% Referenced on Video Order from Chaos: Computation and Learning in Cortical Networks
% Jonathan KADMON
% https://www.youtube.com/watch?v=gioA5qgjdX0

% Reference 1
@article{touboul2019hipster,
  title={The hipster effect: When anti-conformists all look the same},
  author={Touboul, Jonathan D},
  journal={Discrete And Continuous Dynamical Systems-B},
  volume={24},
  number={8},
  pages={4379--4415},
  year={2019},
  publisher={Discrete and Continuous Dynamical Systems-B}
}
% ArXiv preprint
@article{touboul2014hipster,
  title={The hipster effect: When anticonformists all look the same},
  author={Touboul, Jonathan},
  journal={arXiv preprint arXiv:1410.8001},
  year={2014}
}

% Referenced on Video My Understanding of the Manifold Hypothesis - structure in real world data - Generative Modeling
% Kartik Chincholikar
% https://www.youtube.com/watch?v=BePQBWPnYuE

% Reference 11
@inproceedings{shao2018riemannian,
  title={The riemannian geometry of deep generative models},
  author={Shao, Hang and Kumar, Abhishek and Thomas Fletcher, P},
  booktitle={Proceedings of the IEEE Conference on Computer Vision and Pattern Recognition Workshops},
  pages={315--323},
  year={2018}
}

% Brain-Inspired Hyperdimensional Computing for Ultra-Efficient_Edge_AI
@inproceedings{amrouch2022brain,
  title={Brain-inspired hyperdimensional computing for ultra-efficient edge ai},
  author={Amrouch, Hussam and Imani, Mohsen and Jiao, Xun and Aloimonos, Yiannis and Fermuller, Cornelia and Yuan, Dehao and Ma, Dongning and Barkam, Hamza E and Genssler, Paul R and Sutor, Peter},
  booktitle={2022 International Conference on Hardware/Software Codesign and System Synthesis (CODES+ ISSS)},
  pages={25--34},
  year={2022},
  organization={IEEE}
}

% Algorithms for Manifold Learning
@book{cayton2008algorithms,
  title={Algorithms for manifold learning},
  author={Cayton, Lawrence and others},
  year={2008},
  publisher={eScholarship, University of California}
}

% Manifold Learning for Natural Image Sets, Doctoral Dissertation 
@article{souvenir2006manifold,
  title={Manifold Learning for Natural Image Sets, Doctoral Dissertation August 2006},
  author={Souvenir, Richard},
  year={2006}
}

% Orthogonal representations for robust context-dependent task performance in brains and neural networks
%  Cannot get the BibTex Citation

% APA Style Citation
% Flesch, T., Juechems, K., Dumbalska, T., Saxe, A., & Summerfield, C. (2022). 
% Orthogonal representations for robust context-dependent task performance in brains and neural networks. 
% Neuron, 110(7), 1258-1270.


